@book{grudem2009systematic,
  title={Systematic theology: An introduction to biblical doctrine},
  author={Grudem, Wayne A},
  year={2009},
  publisher={Harper Collins}
}
@book{bruce1988canon,
  title={The canon of scripture},
  author={Bruce, Frederick Fyvie},
  year={1988},
  publisher={Intervarsity Press}
}
@book{craig2008reasonable,
  title={Reasonable Faith: Christian Truth and Apologetics},
  author={Craig, William Lane},
  year={2008},
  publisher={Crossway},
  address={Wheaton, Illinois}
}@book{green2013dictionary,
  title={Dictionary of Jesus and the Gospels},
  author={Green, Joel B and Brown, Jeannine K and Perrin, Nicholas},
  year={2013},
  publisher={InterVarsity Press}
}

@online{biblicaltraining18,
  author        = {{Biblical Training}},
  title         = {Lecture Notes: Distinctive Theologies in the Gospel of Luke},

  url={https://www.biblicaltraining.org/library/distinctive-theologies-luke/biblical-theology/van-pelt-blomberg-schreiner},
  year = 2018
}


@online{gty18,
  author        = {{Grace to You}},
  title         = {Bible Introductions: Luke},

  url={https://www.gty.org/library/bible-introductions/MSB42/luke},
  year = 2018
}


@online{wallace04,
  author        = {Wallace, Daniel B.},
  title         = {The Synoptic Problem},

  url={https://bible.org/article/synoptic-problem},
  year = 2004
}



@online{just15,
  author        = {Felix Just, S.J., Ph.D},
  title         = {The Synoptic Problem},

  url={http://www.catholic-resources.org/Bible/Synoptic_Problem.htm},
  year = 2015
}

@online{Ritsman18,
  author        = {Rev. Donald F. Ritsman},
  title         = {The Synoptic "Problem"},

  url={http://biblestudycourses.org/mark-bible-study-courses-section-1/the-synoptic-problem/},
  year = 2018
}

 @online{ wikipedia18,
   author = {Wikipedia contributors},
   title = {Synoptic Gospels - The Synoptic Problem},
   year = 2018,
   url = {https://en.wikipedia.org/wiki/Synoptic_Gospels#The_synoptic_problem},
 }

