@book{craig2008reasonable,
  title={Reasonable faith: Christian truth and apologetics},
  author={Craig, William Lane},
  year={2008},
  publisher={Crossway}
}
@book{rath2007strengthsfinder,
  title={StrengthsFinder 2.0},
  author={Rath, T.},
  isbn={9781595620156},
  lccn={2006938575},
  url={https://books.google.com/books?id=gttDCwAAQBAJ},
  year={2007},
  publisher={Gallup Press}
}
@book{keller2008reason,
  title={The reason for God: Belief in an age of skepticism},
  author={Keller, Timothy J},
  year={2008},
  publisher={Penguin}
}